@article{DBLP:journals/corr/abs-1907-04629,
  author       = {Thijs Laarhoven},
  title        = {Evolutionary techniques in lattice sieving algorithms},
  journal      = {CoRR},
  volume       = {abs/1907.04629},
  year         = {2019},
  url          = {http://arxiv.org/abs/1907.04629},
  eprinttype    = {arXiv},
  eprint       = {1907.04629},
  timestamp    = {Wed, 17 Jul 2019 10:27:36 +0200},
  biburl       = {https://dblp.org/rec/journals/corr/abs-1907-04629.bib},
  bibsource    = {dblp computer science bibliography, https://dblp.org}
}

@book{micciancio2002complexity,
  title={Complexity of lattice problems: a cryptographic perspective},
  author={Micciancio, Daniele and Goldwasser, Shafi},
  volume={671},
  year={2002},
  publisher={Springer Science \& Business Media},
  pages={1},
}

@inproceedings{gama2008predicting,
  title={Predicting lattice reduction},
  author={Gama, Nicolas and Nguyen, Phong Q},
  booktitle={Advances in Cryptology--EUROCRYPT 2008: 27th Annual International Conference on the Theory and Applications of Cryptographic Techniques, Istanbul, Turkey, April 13-17, 2008. Proceedings 27},
  pages={31--51},
  year={2008},
  organization={Springer}
}

@inproceedings{karp1972reducibility,
  author     = {R. M. Karp},
  title      = {Reducibility among combinatorial problems},
  booktitle  = {Complexity of Computer Computations},
  edit~or     = {R. E. Miller and J. W. Thatcher},
  address    = {New York},
  publisher  = {Plenum},
  year       = {1972},
  pages      = {85--104}
}

@incollection{merkle2019hiding,
  title={Hiding information and signatures in trapdoor knapsacks},
  author={Merkle, Ralph C and Hellman, Martin E},
  booktitle={Secure communications and asymmetric cryptosystems},
  pages={197--215},
  year={2019},
  publisher={Routledge}
}

@inbook{hoffstein2008introduction,
  title={An introduction to mathematical cryptography},
  author={Hoffstein, Jeffrey and Pipher, Jill and Silverman, Joseph H and Silverman, Joseph H},
  pages={377, 402, 405},
  volume={1},
  year={2008},
  publisher={Springer}
}

@inproceedings{pass2006parallel,
  title={Parallel repetition of zero-knowledge proofs and the possibility of basing cryptography on np-hardness},
  author={Pass, Rafael},
  booktitle={21st Annual IEEE Conference on Computational Complexity (CCC'06)},
  pages={13--pp},
  year={2006},
  organization={IEEE}
}

@inproceedings{ajtai1998shortest,
  title={The shortest vector problem in L2 is NP-hard for randomized reductions},
  author={Ajtai, Mikl{\'o}s},
  booktitle={Proceedings of the thirtieth annual ACM symposium on Theory of computing},
  pages={10--19},
  year={1998}
}

@article{lagarias1985solving,
  title={Solving low-density subset sum problems},
  author={Lagarias, Jeffrey C and Odlyzko, Andrew M},
  journal={Journal of the ACM (JACM)},
  volume={32},
  number={1},
  pages={229--246},
  year={1985},
  publisher={ACM New York, NY, USA}
}

@article{siegel1945mean,
  title={A mean value theorem in geometry of numbers},
  author={Siegel, Carl Ludwig},
  journal={Annals of Mathematics},
  volume={46},
  number={2},
  pages={340--347},
  year={1945},
  publisher={JSTOR}
}

@article{babai1986lovasz,
  title={On Lov{\'a}szâ€™lattice reduction and the nearest lattice point problem},
  author={Babai, L{\'a}szl{\'o}},
  journal={Combinatorica},
  volume={6},
  pages={1--13},
  year={1986},
  publisher={Springer}
}

@article{lenstra1982factoring,
  title={Factoring polynomials with rational coefficients},
  author={Lenstra, Arjen K and Lenstra, Hendrik Willem and Lov{\'a}sz, L{\'a}szl{\'o}},
  journal={Mathematische annalen},
  volume={261},
  pages={515--534},
  year={1982},
  publisher={Springer Verlag}
}

@article{deng2016introduction,
  title={An introduction to lenstra-lenstra-lovasz lattice basis reduction algorithm},
  author={Deng, Xinyue},
  journal={Massachusetts Institute of Technology (MIT)},
  year={2016}
}

@article{schnorr1987hierarchy,
  title={A hierarchy of polynomial time lattice basis reduction algorithms},
  author={Schnorr, Claus-Peter},
  journal={Theoretical computer science},
  volume={53},
  number={2-3},
  pages={201--224},
  year={1987},
  publisher={Elsevier}
}

@article{schnorr1994lattice,
  title={Lattice basis reduction: Improved practical algorithms and solving subset sum problems},
  author={Schnorr, Claus-Peter and Euchner, Martin},
  journal={Mathematical programming},
  volume={66},
  pages={181--199},
  year={1994},
  publisher={Springer}
}

@inproceedings{ajtai2001sieve,
  title={A sieve algorithm for the shortest lattice vector problem},
  author={Ajtai, Mikl{\'o}s and Kumar, Ravi and Sivakumar, Dandapani},
  booktitle={Proceedings of the thirty-third annual ACM symposium on Theory of computing},
  pages={601--610},
  year={2001}
}